[gd_scene load_steps=18 format=3 uid="uid://bfjwjg1cu427o"]

[ext_resource type="Script" path="res://player/player.gd" id="1_vg4c4"]
[ext_resource type="Texture2D" uid="uid://oaon8fv2bbt4" path="res://player/char.png" id="2_8x1gd"]
[ext_resource type="Shader" path="res://tech/blur.gdshader" id="3_mhbub"]

[sub_resource type="RectangleShape2D" id="RectangleShape2D_k8c7b"]

[sub_resource type="Gradient" id="Gradient_ak421"]
offsets = PackedFloat32Array(0.652174, 1)
colors = PackedColorArray(1, 1, 1, 1, 1, 1, 1, 0.0823529)

[sub_resource type="Animation" id="Animation_spjgf"]
length = 0.001
tracks/0/type = "value"
tracks/0/imported = false
tracks/0/enabled = true
tracks/0/path = NodePath(".:angle_min")
tracks/0/interp = 1
tracks/0/loop_wrap = true
tracks/0/keys = {
"times": PackedFloat32Array(0),
"transitions": PackedFloat32Array(1),
"update": 0,
"values": [0.0]
}
tracks/1/type = "value"
tracks/1/imported = false
tracks/1/enabled = true
tracks/1/path = NodePath(".:angle_max")
tracks/1/interp = 1
tracks/1/loop_wrap = true
tracks/1/keys = {
"times": PackedFloat32Array(0),
"transitions": PackedFloat32Array(1),
"update": 0,
"values": [0.0]
}

[sub_resource type="Animation" id="Animation_dhroa"]
resource_name = "def"
loop_mode = 1
tracks/0/type = "value"
tracks/0/imported = false
tracks/0/enabled = true
tracks/0/path = NodePath(".:angle_min")
tracks/0/interp = 1
tracks/0/loop_wrap = true
tracks/0/keys = {
"times": PackedFloat32Array(0, 1),
"transitions": PackedFloat32Array(1, 1),
"update": 0,
"values": [0.0, 180.0]
}
tracks/1/type = "value"
tracks/1/imported = false
tracks/1/enabled = true
tracks/1/path = NodePath(".:angle_max")
tracks/1/interp = 1
tracks/1/loop_wrap = true
tracks/1/keys = {
"times": PackedFloat32Array(0, 1),
"transitions": PackedFloat32Array(1, 1),
"update": 0,
"values": [0.0, 180.0]
}

[sub_resource type="AnimationLibrary" id="AnimationLibrary_016o2"]
_data = {
"RESET": SubResource("Animation_spjgf"),
"def": SubResource("Animation_dhroa")
}

[sub_resource type="ShaderMaterial" id="ShaderMaterial_43v1v"]
shader = ExtResource("3_mhbub")
shader_parameter/pivot = Vector2(0, 0)
shader_parameter/amount = 8.0
shader_parameter/quality = 4
shader_parameter/clr = Quaternion(1, 1, 1, 1)
shader_parameter/marginDebug = false

[sub_resource type="Animation" id="Animation_bo7yg"]
length = 0.001
tracks/0/type = "value"
tracks/0/imported = false
tracks/0/enabled = true
tracks/0/path = NodePath(".:rotation")
tracks/0/interp = 1
tracks/0/loop_wrap = true
tracks/0/keys = {
"times": PackedFloat32Array(0),
"transitions": PackedFloat32Array(1),
"update": 0,
"values": [0.0]
}
tracks/1/type = "value"
tracks/1/imported = false
tracks/1/enabled = true
tracks/1/path = NodePath("../Sprite2D:rotation")
tracks/1/interp = 1
tracks/1/loop_wrap = true
tracks/1/keys = {
"times": PackedFloat32Array(0),
"transitions": PackedFloat32Array(1),
"update": 0,
"values": [0.0]
}
tracks/2/type = "value"
tracks/2/imported = false
tracks/2/enabled = true
tracks/2/path = NodePath("../../shadow/Sprite2D:rotation")
tracks/2/interp = 1
tracks/2/loop_wrap = true
tracks/2/keys = {
"times": PackedFloat32Array(0),
"transitions": PackedFloat32Array(1),
"update": 0,
"values": [0.0]
}
tracks/3/type = "value"
tracks/3/imported = false
tracks/3/enabled = true
tracks/3/path = NodePath(".:scale")
tracks/3/interp = 1
tracks/3/loop_wrap = true
tracks/3/keys = {
"times": PackedFloat32Array(0),
"transitions": PackedFloat32Array(1),
"update": 0,
"values": [Vector2(0.2, 0.2)]
}

[sub_resource type="Animation" id="Animation_ufih1"]
resource_name = "spin"
loop_mode = 1
tracks/0/type = "value"
tracks/0/imported = false
tracks/0/enabled = true
tracks/0/path = NodePath(".:rotation")
tracks/0/interp = 1
tracks/0/loop_wrap = true
tracks/0/keys = {
"times": PackedFloat32Array(0, 0.5, 1),
"transitions": PackedFloat32Array(1, 1, 1),
"update": 0,
"values": [0.0, 3.14159, 6.28319]
}
tracks/1/type = "value"
tracks/1/imported = false
tracks/1/enabled = true
tracks/1/path = NodePath("../Sprite2D:rotation")
tracks/1/interp = 1
tracks/1/loop_wrap = true
tracks/1/keys = {
"times": PackedFloat32Array(0, 0.5, 1),
"transitions": PackedFloat32Array(1, 1, 1),
"update": 0,
"values": [0.0, -3.14159, -6.28319]
}
tracks/2/type = "value"
tracks/2/imported = false
tracks/2/enabled = true
tracks/2/path = NodePath("../../shadow/Sprite2D:rotation")
tracks/2/interp = 1
tracks/2/loop_wrap = true
tracks/2/keys = {
"times": PackedFloat32Array(0, 0.5, 1),
"transitions": PackedFloat32Array(1, 1, 1),
"update": 0,
"values": [0.0, 3.14159, 6.28319]
}
tracks/3/type = "value"
tracks/3/imported = false
tracks/3/enabled = true
tracks/3/path = NodePath(".:scale")
tracks/3/interp = 1
tracks/3/loop_wrap = true
tracks/3/keys = {
"times": PackedFloat32Array(0, 0.5, 1),
"transitions": PackedFloat32Array(1, 1, 1),
"update": 0,
"values": [Vector2(0.1, 0.1), Vector2(0.12, 0.12), Vector2(0.1, 0.1)]
}

[sub_resource type="AnimationLibrary" id="AnimationLibrary_vr646"]
_data = {
"RESET": SubResource("Animation_bo7yg"),
"spin": SubResource("Animation_ufih1")
}

[sub_resource type="Curve" id="Curve_6g8wr"]
_data = [Vector2(0, 1), 0.0, -1.66093, 0, 0, Vector2(1, 0), -5.16777, 0.0, 0, 0]
point_count = 2

[sub_resource type="Gradient" id="Gradient_fxu6p"]
colors = PackedColorArray(1, 1, 1, 1, 1, 1, 1, 0)

[sub_resource type="CircleShape2D" id="CircleShape2D_lsrga"]

[sub_resource type="RectangleShape2D" id="RectangleShape2D_hgswg"]
size = Vector2(25, 70)

[sub_resource type="Curve" id="Curve_tooyc"]
_data = [Vector2(0, 0), 0.0, 0.0, 0, 0, Vector2(0.0887574, 0.181818), 0.0, 0.0, 0, 0, Vector2(0.289941, 1), 0.0, 0.0, 0, 0, Vector2(0.585799, 0.0181818), 0.0, 0.0, 0, 0]
point_count = 4

[node name="player" type="CharacterBody2D"]
script = ExtResource("1_vg4c4")
shiftAmount = 1
atkColor = Color(1, 0, 0, 1)
nrmColor = Color(0, 1, 1, 1)

[node name="CollisionShape2D" type="CollisionShape2D" parent="."]
shape = SubResource("RectangleShape2D_k8c7b")

[node name="Camera2D" type="Camera2D" parent="."]
zoom = Vector2(2, 2)
position_smoothing_enabled = true
position_smoothing_speed = 20.0

[node name="shadow" type="Sprite2D" parent="."]
modulate = Color(0, 0, 0, 0.478431)
scale = Vector2(0.2, 0.2)

[node name="Sprite2D" type="Sprite2D" parent="shadow"]
position = Vector2(10, -20)
scale = Vector2(0.2, 0.2)
texture = ExtResource("2_8x1gd")

[node name="vis" type="Sprite2D" parent="."]
scale = Vector2(0.2, 0.2)

[node name="CPUParticles2D4" type="CPUParticles2D" parent="vis"]
position = Vector2(0, -35)
amount = 64
lifetime = 3.0
direction = Vector2(0, 1)
spread = 40.0
gravity = Vector2(0, 0)
scale_amount_min = 50.0
scale_amount_max = 50.0
color = Color(0, 0, 0, 0.117647)
color_ramp = SubResource("Gradient_ak421")

[node name="AnimationPlayer" type="AnimationPlayer" parent="vis/CPUParticles2D4"]
autoplay = "def"
speed_scale = 0.5
libraries = {
"": SubResource("AnimationLibrary_016o2")
}

[node name="CPUParticles2D3" type="CPUParticles2D" parent="vis"]
visible = false
position = Vector2(0, -35)
amount = 16
lifetime = 0.2
direction = Vector2(0, 1)
spread = 40.0
gravity = Vector2(0, 0)
initial_velocity_min = 500.0
initial_velocity_max = 500.0
angle_min = 45.0
angle_max = 45.0
scale_amount_min = 80.0
scale_amount_max = 80.0
color = Color(0, 0, 1, 0.0901961)
color_ramp = SubResource("Gradient_ak421")

[node name="Sprite2D" type="Sprite2D" parent="vis"]
self_modulate = Color(0, 0, 0, 1)
position = Vector2(0, -35)
scale = Vector2(0.2, 0.2)
texture = ExtResource("2_8x1gd")

[node name="Sprite2D2" type="Sprite2D" parent="vis"]
material = SubResource("ShaderMaterial_43v1v")
position = Vector2(0, -35)
scale = Vector2(0.2, 0.2)
texture = ExtResource("2_8x1gd")

[node name="AnimationPlayer" type="AnimationPlayer" parent="vis/Sprite2D2"]
autoplay = "spin"
speed_scale = 8.0
libraries = {
"": SubResource("AnimationLibrary_vr646")
}

[node name="homing" type="CPUParticles2D" parent="vis"]
position = Vector2(0, -35)
emitting = false
amount = 64
angle_min = 45.0
angle_max = 45.0
scale_amount_min = 48.0
scale_amount_max = 48.0
scale_amount_curve = SubResource("Curve_6g8wr")
color = Color(1, 0, 0, 0.454902)
color_ramp = SubResource("Gradient_fxu6p")

[node name="Area2D" type="Area2D" parent="."]
collision_layer = 8
collision_mask = 2
monitoring = false
monitorable = false

[node name="CollisionShape2D" type="CollisionShape2D" parent="Area2D"]
position = Vector2(0, -7)
shape = SubResource("CircleShape2D_lsrga")

[node name="enemCol" type="Area2D" parent="."]
collision_layer = 0
collision_mask = 2

[node name="CollisionShape2D" type="CollisionShape2D" parent="enemCol"]
position = Vector2(0, -7)
shape = SubResource("CircleShape2D_lsrga")

[node name="PlayerCol" type="Area2D" parent="."]
collision_layer = 16
collision_mask = 2

[node name="CollisionShape2D" type="CollisionShape2D" parent="PlayerCol"]
position = Vector2(0, -7)
shape = SubResource("CircleShape2D_lsrga")

[node name="atkCol" type="Area2D" parent="."]
collision_layer = 8
collision_mask = 0
monitoring = false
monitorable = false

[node name="CollisionShape2D" type="CollisionShape2D" parent="atkCol"]
position = Vector2(60.5, -5)
shape = SubResource("RectangleShape2D_hgswg")

[node name="CPUParticles2D" type="CPUParticles2D" parent="atkCol"]
position = Vector2(0, -7)
emitting = false
amount = 32
lifetime = 0.5
speed_scale = 4.0
spread = 30.0
gravity = Vector2(0, 0)
initial_velocity_min = 270.0
initial_velocity_max = 360.0
scale_amount_min = 24.0
scale_amount_max = 24.0
scale_amount_curve = SubResource("Curve_tooyc")
color = Color(1, 0, 0, 1)

[node name="deathCol1" type="Area2D" parent="."]
collision_layer = 0
collision_mask = 32

[node name="CollisionShape2D" type="CollisionShape2D" parent="deathCol1"]
position = Vector2(0, -7)
shape = SubResource("CircleShape2D_lsrga")

[node name="AudioStreamPlayer" type="AudioStreamPlayer" parent="."]

[connection signal="area_entered" from="Area2D" to="." method="_on_area_2d_area_entered"]
[connection signal="area_entered" from="enemCol" to="." method="_on_area_2d_2_area_entered"]
[connection signal="area_entered" from="deathCol1" to="." method="_on_death_col_1_area_entered"]
